
@ARTICLE{Jorda:2015,
author = {Òscar Jordà and Moritz HP. Schularick and Alan M. Taylor},
title = {Betting the House},
journal = {Journal of International Economics},
year = {2015},
volume = {96},
pages = {S2-S18},
}


@ARTICLE{Liu:2013,
author = {Zheng Liu and Pengfei Wang and Tao Zha},
title = {Land Price Dynamics and Macroeconomic Fluctuations},
journal = {Econometrica},
year = {2013},
volume = {81},
pages = {1147-1184},
}


@ARTICLE{Knoll:2017,
author = {Katharina Knoll and Moritz Schularick and Thomas Steger},
title = {No Price Like Home: Global House Prices, 1870-2012},
journal = {American Economic Review},
year = {2017},
volume = {107},
pages = {331-353},
}


@ARTICLE{Jorda:2019 ,
author = {Òscar Jordà and Katharina Knoll and Dmitry Kuvshinov and Moritz Schularick and Alan M Taylor},
title = {The Rate of Return on Everything, 1870–2015},
journal = {The Quarterly Journal of Economics},
year = {2019},
volume = {134},
pages = {1225-1298},
}


@ARTICLE{Sean:2010,
author = {Holly Sean and Pesaran M. Hashem and Yamagata Takashi},
title = {A spatio-temporal model of house prices in the USA},
journal = {Journal of Econometrics},
year = {2010},
volume = {158},
pages = {160-173},
}






@ARTICLE{Sean:2011,
author = {Holly Sean and Hashem Pesaran M. and Yamagata Takashi},
title = {The spatial and temporal diffusion of house prices in the UK},
journal = {Journal of Urban Economics},
year = {2011},
volume = {69},
pages = {2-23},
}



@ARTICLE{,
author = {},
title = {},
journal = {},
year = {},
volume = {},
pages = {},
}



@ARTICLE{,
author = {},
title = {},
journal = {},
year = {},
volume = {},
pages = {},
}


@ARTICLE{,
author = {},
title = {},
journal = {},
year = {},
volume = {},
pages = {},
}

@ARTICLE{,
author = {},
title = {},
journal = {},
year = {},
volume = {},
pages = {},
}

@ARTICLE{,
author = {},
title = {},
journal = {},
year = {},
volume = {},
pages = {},
}



@ARTICLE{,
author = {},
title = {},
journal = {},
year = {},
volume = {},
pages = {},
}


@ARTICLE{,
author = {},
title = {},
journal = {},
year = {},
volume = {},
pages = {},
}




@ARTICLE{Hayakawa:2019,
author = {K. Hayakawa and M. Qi and J. Breitung },
title = {Double Filter Instrumental Variable Estimation of Panel Data Models with Weakly Exogenous Variables},
journal = {Econometric Reviews},
year = {2019},
volume = {38},
pages = {1055-1088},
}




@ARTICLE{Kuersteiner:2010,
author = {Guido Kuersteiner and Ryo Okui},
title = {Constructing Optimal Instruments by First‐Stage Prediction Averaging},
journal = {Econometrica},
year = {2010},
volume = {78},
pages = {697-718},
}







@unpublished{ ,
author = { },
title = { },
school={},
note  = { },
year = {},
}








@unpublished{Guowei:2019,
author = {Guowei Cui and Kazuhiko Hayakawa and Shuichi Nagata and Takashi Yamagata},
title = {A robust approach to heteroskedasticity, error serial correlation and slope heterogeneity for large linear panel data models with interactive effects },
school={The Instittute of social and Economic Research, Osaka University},
note  = { },
year = {2019},
}




@BOOK{,
  TITLE = {},
  SUBTITLE = {},
  AUTHOR = {},
  YEAR = {}, % I looked it up
  PUBLISHER = {},
}



@BOOK{,
  TITLE = {},
  SUBTITLE = {},
  AUTHOR = {},
  YEAR = {}, % I looked it up
  PUBLISHER = {},
}



@BOOK{,
  TITLE = {},
  SUBTITLE = {},
  AUTHOR = {},
  YEAR = {}, % I looked it up
  PUBLISHER = {},
}


@BOOK{,
  TITLE = {},
  SUBTITLE = {},
  AUTHOR = {},
  YEAR = {}, % I looked it up
  PUBLISHER = {},
}
